@online{microsoft-csharp,
title = {\emph{C\# Guide}},
author = {{MSDN Library}},
howpublished={\url{https://docs.microsoft.com/it-it/dotnet/csharp}}
}

@online{db-sql,
title = {\emph{SQL}},
author = {{W3Schools}},
howpublished={\url{https://www.w3schools.com/sql}}
}

@online{microsoft-ps,
title = {\emph{Getting Started with Windows PowerShell}},
author = {{MSDN Library}},
howpublished={\url{https://docs.microsoft.com/it-it/powershell/scripting/getting-started/getting-started-with-windows-powershell?view=powershell-6}}
}

@online{microsoft-net,
title = {\emph{Get started with the .NET Framework}},
author = {{MSDN Library}},
howpublished={\url{https://docs.microsoft.com/it-it/dotnet/framework/get-started/index}}
}

@online{microsoft-sql,
title = {\emph{SQL Server Management Studio}},
author = {{MSDN Library}},
howpublished={\url{https://docs.microsoft.com/it-it/sql/ssms/sql-server-management-studio-ssms?view=sql-server-2016}}
}

@online{microsoft-visual,
title = {\emph{Documentazione di Visual Studio}},
author = {{MSDN Library}},
howpublished={\url{https://docs.microsoft.com/it-it/visualstudio/ide/?view=vs-2017}}
}

@online{microsoft-vm,
title = {\emph{VMWare Solution}},
author = {{MSDN Library}},
howpublished={\url{https://www.vmware.com/it/products}}
}

@online{netcom-info,
title = {\emph{The Smartest Way To Manage Your Data}},
author = {{NETCOM srl}},
howpublished={\url{https://www.netcom.it}}
}

@online{itil-pro,
title = {\emph{ITIL}},
author = {{Wikipedia}},
howpublished={\url{https://en.wikipedia.org/wiki/ITIL}}
}

@online{microsoft-nuget,
title = {\emph{Overview of Dynamics 365 Customer Engagement PowerShell}},
author = {{MSDN Library}},
howpublished={\url{https://docs.microsoft.com/en-us/powershell/dynamics365/customer-engagement/overview?view=dynamics365ce-ps}}
}

@online{microsoft-spur,
title = {\emph{SPLA Licensing Guide}},
author = {{Microsoft Corporation}},
howpublished={\url{https://docs.microsoft.com/en-us/powershell/dynamics365/customer-engagement/overview?view=dynamics365ce-ps}}
}

@online{microsoft-sal,
title = {\emph{The Microsoft Dynamics 365 Licensing Guide}},
author = {{Microsoft Corporation}},
howpublished={\url{https://mbs.microsoft.com/Files/public/365/Dynamics365EnterpriseEditionLicensingGuide.pdf}}
}

@book{pattern,
    title = {Design Patterns: Elements of Reusable Object-Oriented Software},
    author = {Erich Gamma, John Vlissides, Ralph Johnson, Richard Helm},
    year = {1994},
    publisher = {Addison-Wesley Professional},
    pages = {51-54}
}